@book{hinze,
    author = "Hinze, Michael and Pinnau, Rene and Ulbrich, Michael and Ulbrich, Stephan",
    title = "Optimization with PDE Constraints",
    year = "2009",
    publisher = "Springer"
}

@misc{wiki,
    title = "Wikipedia",
    url = "https://en.wikipedia.org"
}

@book{riley,
    author = "Riley, K.F. and Hobson, M.P. and Bence, S.J",
    title = "Mathematical Methods for Physics and Engineering",
    year = "2010",
    publisher = "Cambridge University Press"
}

@book{adeeb,
    author = "Adeeb Samer",
    title = "Introduction to Solid Mechanics and Finite Element Analysis",
    year = "2012",
    publisher = "Kendall Hunt Publishing Company"
}

@article{silhavy,
abstract = {In this work a new proof of the theorem of Cauchy on the existence of the stress tensor is given which does not use the tetrahedron argument.},
author = {Silhavy, Miroslav},
journal = {Atti della Accademia Nazionale dei Lincei. Classe di Scienze Fisiche, Matematiche e Naturali. Rendiconti Lincei. Matematica e Applicazioni},
keywords = {Stress tensor; Continuous body; Balance equations; balance equations; contact forces in continuous body; explicit, coordinate-free formula for stress tensor in terms of surface tractions; existence of the stress tensor},
language = {eng},
month = {9},
number = {3},
pages = {259-263},
publisher = {Accademia Nazionale dei Lincei},
title = {On Cauchy's stress theorem},
url = {http://eudml.org/doc/244201},
volume = {1},
year = {1990},
}
